@article{ma2018,
  author    = {Xingjun Ma and
               Bo Li and
               Yisen Wang and
               Sarah M. Erfani and
               Sudanthi N. R. Wijewickrema and
               Michael E. Houle and
               Grant Schoenebeck and
               Dawn Song and
               James Bailey},
  title     = {Characterizing Adversarial Subspaces Using Local Intrinsic Dimensionality},
  journal   = {CoRR},
  volume    = {abs/1801.02613},
  year      = {2018},
  url       = {http://arxiv.org/abs/1801.02613},
  archivePrefix = {arXiv},
  eprint    = {1801.02613},
  timestamp = {Mon, 20 Aug 2018 13:55:57 +0200},
  biburl    = {https://dblp.org/rec/bib/journals/corr/abs-1801-02613},
  bibsource = {dblp computer science bibliography, https://dblp.org}
}

@article{cw17,
  author    = {Nicholas Carlini and
               David A. Wagner},
  title     = {Adversarial Examples Are Not Easily Detected: Bypassing Ten Detection
               Methods},
  journal   = {CoRR},
  volume    = {abs/1705.07263},
  year      = {2017},
  url       = {http://arxiv.org/abs/1705.07263},
  archivePrefix = {arXiv},
  eprint    = {1705.07263},
  timestamp = {Mon, 13 Aug 2018 16:46:30 +0200},
  biburl    = {https://dblp.org/rec/bib/journals/corr/CarliniW17},
  bibsource = {dblp computer science bibliography, https://dblp.org}
}